<record><leader>01960nam a2200409 i 4500</leader><controlfield tag="001">6855803</controlfield><controlfield tag="003">MiAaPQ</controlfield><controlfield tag="006">m     o  d |      </controlfield><controlfield tag="007">cr cnu||||||||</controlfield><controlfield tag="008">150513t20152015njuao   ob    001 0 eng d</controlfield><datafield ind1=" " ind2=" " tag="020"><subfield code="a">9781119096375 (e-book)</subfield></datafield><datafield ind1=" " ind2=" " tag="020"><subfield code="z">9781119082385</subfield></datafield><datafield ind1=" " ind2=" " tag="035"><subfield code="a">ocn904054852</subfield></datafield><datafield ind1=" " ind2=" " tag="039"><subfield code="a">exclude</subfield></datafield><datafield ind1=" " ind2=" " tag="040"><subfield code="a">MiAaPQ</subfield><subfield code="b">eng</subfield><subfield code="e">rda</subfield><subfield code="e">pn</subfield><subfield code="c">MiAaPQ</subfield><subfield code="d">MiAaPQ</subfield><subfield code="d">AEU</subfield></datafield><datafield ind1=" " ind2="4" tag="050"><subfield code="a">TS228.99</subfield><subfield code="b">.A383 2015</subfield></datafield><datafield ind1="0" ind2=" " tag="082"><subfield code="a">671.2</subfield><subfield code="2">23</subfield></datafield><datafield ind1=" " ind2=" " tag="090"><subfield code="a">Internet Access</subfield><subfield code="b">AEU</subfield></datafield><datafield ind1="0" ind2="0" tag="245"><subfield code="a">Advances in the science and engineering of casting solidification :</subfield><subfield code="b">an MPMD Symposium honoring Doru Michael Stefanescu /</subfield><subfield code="c">editors, Laurentiu Nastac [and twelve others].</subfield></datafield><datafield ind1=" " ind2="1" tag="264"><subfield code="a">Hoboken, New Jersey :</subfield><subfield code="b">Wiley :</subfield><subfield code="b">TMS,</subfield><subfield code="c">2015.</subfield></datafield><datafield ind1=" " ind2="4" tag="264"><subfield code="c">&#169;2015</subfield></datafield><datafield ind1=" " ind2=" " tag="300"><subfield code="a">1 online resource (444 pages) :</subfield><subfield code="b">illustrations (some color), photographs</subfield></datafield><datafield ind1=" " ind2=" " tag="336"><subfield code="a">text</subfield><subfield code="2">rdacontent</subfield></datafield><datafield ind1=" " ind2=" " tag="337"><subfield code="a">computer</subfield><subfield code="b">c</subfield><subfield code="2">rdamedia</subfield></datafield><datafield ind1=" " ind2=" " tag="338"><subfield code="a">online resource</subfield><subfield code="b">cr</subfield><subfield code="2">rdacarrier</subfield></datafield><datafield ind1=" " ind2=" " tag="500"><subfield code="a">"Proceedings of a symposium sponsored by the Materials Processing &amp; Manufacturing Division of The Minerals, Metals &amp; Materials Society (TMS) held during TMS 2014, 144th Annual Meeting &amp; Exhibition, March 15-19, 2015, Walt Disney World, Orlando, Florida, USA."</subfield></datafield><datafield ind1=" " ind2=" " tag="504"><subfield code="a">Includes bibliographical references at the end of each chapters and indexes.</subfield></datafield><datafield ind1=" " ind2=" " tag="506"><subfield code="a">Access restricted to authorized users and institutions.</subfield></datafield><datafield ind1=" " ind2=" " tag="588"><subfield code="a">Description based on online resource; title from PDF title page (ebrary, viewed May 12, 2015).</subfield></datafield><datafield ind1=" " ind2=" " tag="596"><subfield code="a">44</subfield></datafield><datafield ind1=" " ind2="0" tag="650"><subfield code="a">Founding</subfield><subfield code="v">Congresses.</subfield></datafield><datafield ind1=" " ind2="0" tag="650"><subfield code="a">Metals</subfield><subfield code="x">Rapid solidification processing</subfield><subfield code="v">Congresses.</subfield></datafield><datafield ind1="1" ind2=" " tag="700"><subfield code="a">Nastac, Laurentiu,</subfield><subfield code="e">editor.</subfield></datafield><datafield ind1="4" ind2="0" tag="856"><subfield code="3">University of Alberta Access</subfield><subfield code="u">http://dx.doi.org/10.1002/9781119093367</subfield><subfield code="z">(Unlimited Concurrent Users)</subfield><subfield code="z">from Wiley</subfield></datafield><datafield ind1=" " ind2=" " tag="949"><subfield code="h">UAIN</subfield><subfield code="z">WILEYOL</subfield></datafield><datafield ind1=" " ind2=" " tag="919"><subfield code="a">EBC2045940</subfield></datafield><datafield ind1=" " ind2=" " tag="926"><subfield code="a">Internet Access</subfield><subfield code="w">LC</subfield><subfield code="c">1</subfield><subfield code="i">6855803-1001</subfield><subfield code="l">INTERNET</subfield><subfield code="m">UAINTERNET</subfield><subfield code="r">Y</subfield><subfield code="s">Y</subfield><subfield code="t">E-RESOURCE</subfield><subfield code="u">3/9/2015</subfield><subfield code="x">E-BOOK</subfield><subfield code="z">WILEYOL</subfield></datafield></record>